@ARTICLE{1360163,
  author={Falk, H.},
  journal={Proceedings of the IEEE}, 
  title={Decisive Aspects in the Evolution of Microprocessors}, 
  year={2004},
  volume={92},
  number={12},
  pages={1895-1895},
  doi={10.1109/JPROC.2004.837615}}
