@Article{       Sima,
    author      = {Sima, D.},
    doi         = {10.1109/JPROC.2004.837627},
    journal     = {Proceedings of the IEEE}, 
    pages       = {1896-1926},
    number      = {12},
    title       = {Decisive aspects in the evolution of microprocessors}, 
    volume      = {92},
    year        = {2004},
}

@Article{       Falk,
    author      = {Falk, H.},
    doi         = {10.1109/JPROC.2004.837615},
    journal     = {Proceedings of the IEEE}, 
    number      = {12},
    pages       = {1895-1895},
    title       = {Prelog to Decisive Aspects in the Evolution of Microprocessors}, 
    volume      = {92},
    year        = {2004},
}

@Book{          Hennessy,
    address     = {San Francisco, CA, USA},
    author      = {Hennessy, J. L. and 
                Patterson, D. A.},
    edition     = {6th},
    isbn        = {0128119055},
    pages       = {52-53},
    publisher   = {Morgan Kaufmann Publishers Inc.},
    title       = {Computer Architecture, Sixth Edition: A Quantitative Approach},
    year        = {2017},
}

@book{          Bryant,
    author      = {Bryant, R. E. and 
                O'Hallaron, D. R.},
    title       = {Computer Systems: A Programmer's Perspective},
    year        = {2019},
    isbn        = {1292101768},
    publisher   = {Pearson},
    edition     = {3rd, Global},
}